@article{gregor2015draw,
  title={Draw: A recurrent neural network for image generation},
  author={Gregor, Karol and Danihelka, Ivo and Graves, Alex and Rezende, Danilo Jimenez and Wierstra, Daan},
  journal={arXiv preprint arXiv:1502.04623},
  year={2015}
}
